@misc{Petersen2008,
  abstract = {Matrix identities, relations and approximations. A desktop reference for quick overview of mathematics of matrices.},
  author = {Petersen, K. B. and Pedersen, M. S.},
  keywords = {matrixderivative inverse Matrixidentity matrixrelations},
  month = oct,
  note = {Version 20081110},
  publisher = {Technical University of Denmark},
  review = {Matrix Cookbook},
  title = {The Matrix Cookbook},
  url = {http://www2.imm.dtu.dk/pubdb/p.php?3274},
  year = 2008
}
@misc{ED_Brent_Speelman,
  author = {Brent T Speelman},
  publisher = {Ed Discussion},
  year = {2025}
}
@book{bishop2007,
  added-at = {2009-06-02T09:46:22.000+0200},
  asin = {0387310738},
  author = {Bishop, Christopher M.},
  biburl = {https://www.bibsonomy.org/bibtex/2d21de30a3a67c0f9f3c96bd6eec3267a/midtiby},
  description = {Amazon.com: Pattern Recognition and Machine Learning (Information Science and Statistics): Christopher M. Bishop: Books},
  dewey = {006.4},
  ean = {9780387310732},
  edition = 1,
  interhash = {f6fec2ccd82dec0dcd63825e301662cf},
  intrahash = {d21de30a3a67c0f9f3c96bd6eec3267a},
  isbn = {0387310738},
  keywords = {algorithms machinelearning patternrecognition statistics},
  publisher = {Springer},
  timestamp = {2009-06-02T15:22:29.000+0200},
  title = {Pattern Recognition and Machine Learning (Information Science and Statistics)},
  url = {http://www.amazon.com/Pattern-Recognition-Learning-Information-Statistics/dp/0387310738%3FSubscriptionId%3D13CT5CVB80YFWJEPWS02%26tag%3Dws%26linkCode%3Dxm2%26camp%3D2025%26creative%3D165953%26creativeASIN%3D0387310738},
  year = 2007
}
@MISC {se351550,
    TITLE = {Maximum Likelihood Estimators - Multivariate Gaussian},
    AUTHOR = {Xavier Bourret Sicotte (https://stats.stackexchange.com/users/192854/xavier-bourret-sicotte)},
    HOWPUBLISHED = {Cross Validated},
    NOTE = {URL:https://stats.stackexchange.com/q/351550 (version: 2022-04-29)},
    EPRINT = {https://stats.stackexchange.com/q/351550},
    URL = {https://stats.stackexchange.com/q/351550},
    year = 2022
}
@MISC {se180366,
    TITLE = {Why is the rank of covariance matrix at most $n-1$?},
    AUTHOR = {amoeba (https://stats.stackexchange.com/users/28666/amoeba)},
    HOWPUBLISHED = {Cross Validated},
    NOTE = {URL:https://stats.stackexchange.com/q/180366 (version: 2015-11-05)},
    EPRINT = {https://stats.stackexchange.com/q/180366},
    URL = {https://stats.stackexchange.com/q/180366},
    year = 2015
}

@misc{enwiki:1305066115,
    author = "{Wikipedia contributors}",
    title = "Kernel density estimation --- {Wikipedia}{,} The Free Encyclopedia",
    year = "2025",
    url = "https://en.wikipedia.org/w/index.php?title=Kernel_density_estimation&oldid=1305066115",
    note = "[Online; accessed 28-September-2025]"
  }

  @MISC {se862,
    TITLE = {Calculating optimal number of bins in a histogram},
    AUTHOR = {Rob Hyndman (https://stats.stackexchange.com/users/159/rob-hyndman)},
    HOWPUBLISHED = {Cross Validated},
    NOTE = {URL:https://stats.stackexchange.com/q/862 (version: 2019-01-31)},
    EPRINT = {https://stats.stackexchange.com/q/862},
    URL = {https://stats.stackexchange.com/q/862},
    year = 2019
}

@MISC {se628927,
    TITLE = {Relation between determinant and matrix rank},
    AUTHOR = {CPM (https://math.stackexchange.com/users/119124/cpm)},
    HOWPUBLISHED = {Mathematics Stack Exchange},
    NOTE = {URL:https://math.stackexchange.com/q/628927 (version: 2014-01-06)},
    EPRINT = {https://math.stackexchange.com/q/628927},
    URL = {https://math.stackexchange.com/q/628927},
    year = 2014
}