@misc{Campbell_Castro_Wessel_2021,
  title     = {The benefits and costs of broadband expansion},
  url       = {https://www.brookings.edu/articles/the-benefits-and-costs-of-broadband-expansion/},
  journal   = {Brookings},
  publisher = {The Brookings Institution},
  author    = {Campbell, Sophia and Castro, Jimena Ruiz and Wessel, David},
  year      = {2021}
}
